@string{AP = {Academic Press}}
@string{BullAMS = {Bulletin of the American Mathematical Society}}

@book{Ribenboim-Catalan,
author = {Ribenboim, P.},
title = {Catalan's Conjecture: Are $8$ and $9$ the Only Consecutive Powers?}, 
year = 1994,
publisher = AP,
}

@article{Herschfeld36,
author = {Herschfeld, A.},
title =  {The equation $2^x - 3^y = d$},
journal = BullAMS, 
volume = 42,
number = 4, 
year = 1936,
pages = {231--234},
}